Automatically generated by Mendeley Desktop 1.19.3
Any changes to this file will be lost if it is regenerated by Mendeley.

BibTeX export options can be customized via Options -> BibTeX in Mendeley Desktop

@article{Eckert2019,
author = {Eckert, C. and Isaksson, O. and Earl, C.},
doi = {10.1017/dsj.2019.7},
issn = {2053-4701},
journal = {Design Science},
pages = {e9},
title = {{Design margins: A hidden issue in industry}},
volume = {5},
year = {2019}
}
@inproceedings{Peterson2007,
address = {Paris},
author = {Peterson, C. and Paasch, R. K. and Ge, P. and Dietterich, T. G.},
booktitle = {Proceedings of the International Conference on Engineering Design},
keywords = {Changing requirements,design strategies,interdisciplinary teams,product innovation},
pages = {861--862},
title = {{Product innovation for interdisciplinary design under changing requirements}},
year = {2007}
}
@misc{Boeing2013,
title = {{The Boeing design change process}},
url = {https://787updates.newairplane.com/Design-Change-Process/The-Boeing-Design-Change-Process},
year = {2013},
note = {Visited 2019-06-13}
}
@article{Eckert2004,
author = {Eckert, C. and Clarkson, P. J. and Zanker, W.},
doi = {10.1007/s00163-003-0031-7},
issn = {09349839},
journal = {Research in Engineering Design},
keywords = {Change,Change management,Redesign},
number = {1},
pages = {1--21},
publisher = {Springer-Verlag},
title = {{Change and customisation in complex engineering domains}},
volume = {15},
year = {2004}
}
@article{Clarkson2004,
author = {Clarkson, P. J. and Simons, C. and Eckert, C.},
doi = {10.1115/1.1765117},
issn = {10500472},
journal = {Journal of Mechanical Design},
number = {5},
title = {{Predicting change propagation in complex design}},
volume = {126},
year = {2004}
}
@article{Fricke2005,
author = {Fricke, E. and Schulz, A. P.},
doi = {10.1002/sys.20039},
issn = {10981241},
journal = {Systems Engineering},
number = {4},
pages = {342--359},
publisher = {John Wiley {\&} Sons, Ltd},
title = {{Design for changeability (DfC): Principles to enable changes in systems throughout their entire lifecycle}},
volume = {8},
year = {2005}
}
@article{Tackett2014,
author = {Tackett, M. {W. P.} and Mattson, C. A. and Ferguson, S. M.},
doi = {10.1115/1.4026648},
issn = {10500472},
journal = {Journal of Mechanical Design},
number = {5},
title = {{A model for quantifying system evolvability based on excess and capacity}},
volume = {136},
year = {2014}
}
@article{Rehn2018,
author = {Rehn, C. F. and Pettersen, S. S. and Erikstad, S. O. and Asbj{\o}rnslett, B. E.},
doi = {10.1016/j.oceaneng.2017.11.004},
issn = {00298018},
journal = {Ocean Engineering},
pages = {546--555},
publisher = {Elsevier Ltd},
title = {{Investigating tradeoffs between performance, cost and flexibility for reconfigurable offshore ships}},
volume = {147},
year = {2018}
}
@article{Cross2015,
author = {Cross, P. L. and Mulford, M.},
doi = {10.1177/1063293X15586837},
issn = {15312003},
journal = {Concurrent Engineering Research and Applications},
number = {3},
pages = {226--235},
title = {{Realizing collaborative systems design for missile seekers by combining design margin analysis with multi-disciplinary optimization}},
volume = {23},
year = {2015}
}
@article{Villanueva2014,
author = {Villanueva, D. and Haftka, R. T. and Sankar, B. V.},
doi = {10.1016/j.ress.2013.11.013},
issn = {09518320},
journal = {Reliability Engineering and System Safety},
pages = {56--67},
publisher = {Elsevier Ltd},
title = {{Accounting for future redesign to balance performance and development costs}},
volume = {124},
year = {2014}
}
@phdthesis{Ross2006a,
author = {Ross, A.},
keywords = {MATE},
school = {Massachusetts Institute of Technology},
title = {{Managing unarticulated value: changeability in multiattribute tradespace exploration}},
year = {2006}
}
@inproceedings{Ross2008a,
author = {Ross, A. and Rhodes, D.},
booktitle = {INCOSE International Symposium},
doi = {10.1002/j.2334-5837.2008.tb00871.x},
isbn = {9781605604473},
issn = {1520-6858},
pages = {15},
title = {{Using natural value-centric time scales for conceptualizing system timelines through epoch-era analysis}},
year = {2008}
}
@inproceedings{Viscito2009,
address = {Pasadena, California},
author = {Viscito, L. and Ross, A.},
booktitle = {Proceedings of the AIAA SPACE 2009 Conference {\&} Exposition},
doi = {10.2514/6.2009-6561},
isbn = {978-1-60086-980-8},
publisher = {American Institute of Aeronautics and Astronautics},
title = {{Quantifying flexibility in tradespace exploration: Value-weighted filtered outdegree}},
year = {2009}
}
@article{Chalupnik2013,
author = {Chalupnik, M. J. and Wynn, D. C. and Clarkson, P. J.},
doi = {10.1080/09544828.2013.851783},
issn = {09544828},
journal = {Journal of Engineering Design},
number = {12},
pages = {814--829},
publisher = {Taylor {\&} Francis},
title = {{Comparison of ilities for protection against uncertainty in system design}},
volume = {24},
year = {2013}
}
@article{Rapp2018,
author = {Rapp, S. and Chinnam, R. and Doerry, N. and Murat, A. and Witus, G.},
doi = {10.1002/sys.21449},
issn = {15206858},
journal = {Systems Engineering},
number = {5},
pages = {490--500},
title = {{Product development resilience through set-based design}},
volume = {21},
year = {2018}
}
@article{Small2019,
author = {Small, C. and Parnell, G. S. and Pohl, E. and Goerger, S. R. and Cilli, M. and Specking, E.},
doi = {10.1177/1548512919872822},
issn = {1557380X},
journal = {Journal of Defense Modeling and Simulation},
pages = {1--17},
title = {{Demonstrating set-based design techniques: an unmanned aerial vehicle case study}},
year = {2019}
}
@inproceedings{McManus2007,
author = {Mcmanus, H. L. and Richards, M. G. and Ross, A. M. and Hastings, D. E.},
booktitle = {Proceedings of the AIAA SPACE 2007 Conference {\&} Exposition},
title = {{A framework for incorporating "ilities" in tradespace studies}},
year = {2007},
doi = {10.2514/6.2007-6100},
}
@book{rosenthal1946theory,
title={The theory of moving sources of heat and its application to metal treatments},
author={Rosenthal, D.},
publisher={Transactions of the American Society of Mechanical Engineers},
year={1946},
volume= {68},
pages = {849â€“-866},
}
@article{Nickel2001,
author = {Nickel, A. H. and Barnett, D. M. and Prinz, F. B.},
doi = {10.1016/S0921-5093(01)01179-0},
issn = {09215093},
journal = {Materials Science and Engineering A},
number = {1-2},
pages = {59--64},
publisher = {Elsevier},
title = {{Thermal stresses and deposition patterns in layered manufacturing}},
volume = {317},
year = {2001}
}
@book{USArmyMaterielCommand1970,
author = {{U.S. Army Materiel Command}},
isbn = {3153304432},
issn = {03067734},
title = {{Engineering design handbook: Automotive series-bodies and hulls}},
year = {1970}
}
@book{Budynas2015,
address = {New York},
author = {Budynas, R. G. and Nisbett, J. K. and Shigley, J. E.},
booktitle = {McGraw-Hill},
edition = {10th},
language = {English},
publisher = {McGraw-Hill Education},
title = {{Shigley's mechanical engineering design}},
year = {2015}
}
@article{Talgorn2018,
author = {Talgorn, B. and Audet, C. and {Le Digabel}, S. and Kokkolaras, M.},
issn = {15732924},
journal = {Optimization and Engineering},
number = {1},
pages = {213--238},
publisher = {Springer US},
title = {{Locally weighted regression models for surrogate-assisted design optimization}},
volume = {19},
year = {2018}
}
@article{Abramson2009,
author = {Abramson, M. A. and Audet, C. and Chrissis, J. W. and Walston, J. G.},
doi = {10.1007/s11590-008-0089-2},
issn = {18624472},
journal = {Optimization Letters},
number = {1},
pages = {35--47},
publisher = {Springer-Verlag},
title = {{Mesh adaptive direct search algorithms for mixed variable optimization}},
volume = {3},
year = {2009}
}
@phdthesis{Ryberg2013,
author = {Ryberg, A.},
booktitle = {PhD Thesis},
isbn = {9789175196886},
school = {Linkoping University},
title = {{Metamodel-based multidisciplinary design optimization of automotive structures}},
year = {2013}
}
@article{Nahm2005,
author = {Nahm, Y. and Ishikawa, H.},
isbn = {1063-293X},
issn = {1063293X},
journal = {Concurrent Engineering Research and Applications},
keywords = {Measure of uncertainty,Preference,Set aggregation,Set representation,Set-based concurrent engineering},
number = {2},
pages = {123--133},
title = {{Representing and aggregating engineering quantities with preference structure for set-based concurrent engineering}},
volume = {13},
year = {2005}
}
@inproceedings{Landahl2016,
author = {Landahl, J. and Levandowski, C. and Johannesson, H. and Isaksson, O.},
booktitle = {Transdisciplinary Engineering: Crossing Boundaries},
isbn = {9781614997023},
pages = {35--44},
title = {{Assessing producibility of product platforms using set-based concurrent engineering}},
volume = {4},
year = {2016}
}
@article{Backlund2015,
author = {Backlund, P. and Shahan, D. and Seepersad, C.},
isbn = {978-0-7918-5589-8},
issn = {10290273},
journal = {Engineering Optimization},
keywords = {Bayesian classification, classifier-guided sampling, direct search, metamodelling, sequential sampling, stochastic optimization},
number = {5},
pages = {579--600},
title = {{Classifier-guided sampling for discrete variable, discontinuous design space exploration: Convergence and computational performance}},
volume = {47},
year = {2015}
}
@inproceedings{Kizer2014,
author = {Kizer, J. and Mavris, D.},
booktitle = {Proceedings of the 29th congress of the international council of the aeronautical sciences},
keywords = {aircraft and systems integration,conceptual design,constraint analysis,design space exploration,set-based design},
title = {{Set-based design space exploration enabled by dynamic constraint analysis}},
year = {2014}
}
@article{Qureshi2014,
author = {Qureshi, A. and Dantan, J. and Bruyere, J. and Bigot, R.},
isbn = {2014.060037},
issn = {1477-9056},
journal = {International Journal of Product Development},
number = {1/2/3},
pages = {64},
title = {{Set-based design of mechanical systems with design robustness integrated}},
volume = {19},
year = {2014}
}
@inproceedings{Rosen2015a,
author = {Rosen, D.},
booktitle = {Proceedings of the ASME International Design Engineering Technical Conferences and Computers and Information in Engineering Conference},
keywords = {DETC2015-46760},
pages = {1--11},
title = {{A set-based design method for material-geometry structures by design space mapping}},
doi = {10.1115/DETC2015-46760},
year = {2015}
}
@article{Doerry2014,
author = {Doerry, N. and Earnesty, M. and Weaver, C. and Banko, J. and Myers, J. and Browne, D. and Hopkins, M. and Balestrini, S.},
journal = {NAME Chesapeake Section Technical Meeting, Army Navy Country Club},
keywords = {concept exploration,set-based design},
number = {V},
pages = {1--8},
title = {{Using set-based design in concept exploration}},
volume = {1},
year = {2014}
}
@article{Mack2007,
author = {Mack, Y. and Goel, T. and Shyy, W. and Haftka, R.},
isbn = {3540497722},
issn = {1860949X},
journal = {Studies in Computational Intelligence},
pages = {323--342},
publisher = {Springer, Berlin, Heidelberg},
title = {{Surrogate model-based optimization framework: A case study in aerospace design}},
volume = {51},
year = {2007}
}
@article{Ge2005,
author = {Ge, P. and Lu, S. and Bukkapatnam, S.},
issn = {10500472},
journal = {Journal of Mechanical Design},
number = {6},
title = {{Supporting negotiations in the early stage of large-scale mechanical system design}},
volume = {127},
year = {2005}
}
@article{Hannapel2014,
author = {Hannapel, S. and Vlahopoulos, N.},
isbn = {1615-147X$\backslash$r1615-1488},
issn = {16151488},
journal = {Structural and Multidisciplinary Optimization},
keywords = {Constraint flexibility,Multidisciplinary design optimization,Set based design},
number = {1},
pages = {101--112},
publisher = {Springer Berlin Heidelberg},
title = {{Implementation of set-based design in multidisciplinary design optimization}},
volume = {50},
year = {2014}
}
@article{Shahan2012,
author = {Shahan, D. and Seepersad, C.},
isbn = {978-0-7918-4902-6},
issn = {10500472},
journal = {Journal of Mechanical Design},
number = {7},
publisher = {American Society of Mechanical Engineers},
title = {{Bayesian network classifiers for set-based collaborative design}},
volume = {134},
year = {2012}
}
@article{Malak2009,
author = {Malak, R. and Aughenbaugh, J. and Paredis, C.},
isbn = {0010-4485},
issn = {00104485},
journal = {CAD computer Aided Design},
keywords = {Concept evaluation,Decision-based design,Multi-attribute utility theory,Set-based design,Uncertainty in design},
number = {3},
pages = {214--227},
title = {{Multi-attribute utility analysis in set-based conceptual design}},
volume = {41},
year = {2009}
}
@article{Gventer1999,
author = {Gventer, G. and Haftka, R.},
issn = {02734508},
journal = {Structural Optimization},
pages = {1--12},
title = {{Using response surface methodology in fuzzy set based design optimization}},
volume = {18},
year = {1999}
}
@article{Audet2018,
author = {Audet, C. and Kokkolaras, M. and {Le Digabel}, S. and Talgorn, B.},
issn = {15732916},
journal = {Journal of Global Optimization},
keywords = {Derivate-free optimization,Ensemble of surrogates,MADS,Order error},
number = {3},
pages = {645--675},
publisher = {Springer US},
title = {{Order-based error for managing ensembles of surrogates in mesh adaptive direct search}},
volume = {70},
year = {2018}
}
@article{LeDigabel2011,
author = {{Le Digabel}, S.},
issn = {00983500},
journal = {ACM Transactions on Mathematical Software},
keywords = {MADS (Mesh Adaptive Direct Search),Optimization software,blackbox optimization,constrained optimization,nonlinear optimization},
number = {4},
pages = {1--15},
publisher = {ACM},
title = {{Algorithm 909}},
volume = {37},
year = {2011}
}
@article{WardAthan1996,
author = {Athan, T. and Papalambros, P.},
isbn = {0305-215X},
issn = {0305215X},
journal = {Engineering Optimization},
keywords = {Design optimization,Multicriteria,Multiobjective,Non-convex,Pareto solutions},
number = {2},
pages = {155--176},
title = {{A note on weighted criteria methods for compromise solutions in multi-objective optimization}},
volume = {27},
year = {1996}
}
@article{McKay1979,
author = {McKay, M. and Beckman, R. and Conover, W.},
isbn = {201803:50:02},
journal = {Technometrics},
number = {2},
pages = {239--245},
title = {{A comparison of three methods for selecting values of input variables in the analysis of output from a computer code}},
volume = {21},
year = {1979}
}
@article{Kerga2014,
author = {Kerga, E. and Rossi, M. and Taisch, M. and Terzi, S.},
isbn = {9781605581934},
issn = {15312003},
journal = {Concurrent Engineering Research and Applications},
keywords = {lean product development,point-based concurrent engineering,serious gaming,set-based concurrent engineering},
number = {4},
pages = {333--346},
title = {{A serious game for introducing set-based concurrent engineering in industrial practices}},
volume = {22},
year = {2014}
}
@article{SobekIi1999,
author = {{Sobek II}, D. and Ward, A. and Liker, J.},
isbn = {0019848X},
issn = {0019848X},
journal = {MIT Sloan Management Review},
keywords = {AUTOMOBILE industry {\&} trade,AUTOMOBILES -- Design {\&} construction,ENGINEERING design,NEW products,TOYOTA Motor Corp.,Value Stream Mapping},
number = {2},
pages = {67--83},
pmid = {25246403},
title = {{Toyota's principles of set-based concurrent engineering}},
volume = {40},
year = {1999}
}
@article{Levandowski2014a,
author = {Levandowski, C. and Michaelis, M. and Johannesson, H.},
isbn = {1063-293X$\backslash$r1531-2003},
issn = {15312003},
journal = {Concurrent Engineering Research and Applications},
keywords = {Set-based concurrent engineering,functional modeling,manufacturing platform,platform lifecycle,product platform},
number = {3},
pages = {234--252},
pmid = {9623840},
publisher = {SAGE PublicationsSage UK: London, England},
title = {{Set-based development using an integrated product and manufacturing system platform}},
volume = {22},
year = {2014}
}
@article{Carlson2000a,
author = {Carlson, J. and Doyle, J.},
isbn = {0031-9007},
issn = {10797114},
journal = {Physical Review Letters},
number = {11},
pages = {2529--2532},
pmid = {11018927},
primaryClass = {cond-mat},
publisher = {American Physical Society},
title = {{Highly optimized tolerance: Robustness and design in complex systems}},
volume = {84},
year = {2000}
}
@article{Inoue2010,
author = {Inoue, M. and Nahm, Y. and Okawa, S. and Ishikawa, H.},
isbn = {1063-293X},
issn = {1063293X},
journal = {Concurrent Engineering Research and Applications},
keywords = {3D-CAD,CAE.,Early phase of design,Flexible and robust design,Preference,Set-based design},
number = {1},
pages = {41--53},
title = {{Design support system by combination of 3D-CAD and CAE with preference set-based design method}},
volume = {18},
year = {2010}
}
@article{Jiachuan2003,
author = {Wang, J. and Terpenny, J.},
isbn = {0956-5515},
issn = {09565515},
journal = {Journal of Intelligent Manufacturing},
keywords = {Agent-based hierarchical design representation,Evolutionary solution synthesis,Fuzzy design trade-off strategy,Interactive design adaptation,Set-based design generation},
number = {2},
pages = {153--167},
title = {{Interactive evolutionary solution synthesis in fuzzy set-based preliminary engineering design}},
volume = {14},
year = {2003}
}
@article{Avigad2009b,
author = {Avigad, G. and Moshaiov, A.},
isbn = {Journal of Engineering Design, Vol. 21, No. 6, December 2010, pp. 619â€“646},
issn = {09544828},
journal = {Journal of Engineering Design},
keywords = {Conceptual design,Multi-criteria decision-making,Multi-objective optimisation,Multiobjective evolutionary algorithms,Set-based measures},
number = {3},
pages = {217--242},
title = {{Set-based concept selection in multi-objective problems: Optimality versus variability approach}},
volume = {20},
year = {2009}
}
@book{Taguchi1987,
author = {Taguchi, G.},
booktitle = {UNIPUB, White Plains, NY},
isbn = {0527916218},
pages = {1080},
publisher = {UNIPUB/Kraus International Publications},
title = {{System of experimental design: Engineering methods to optimize quality and minimize cost}},
year = {1987}
}
@book{Lophaven2002,
title = {DACE - a matlab kriging toolbox, version 2.0},
author = {Lophaven, {S.} and Nielsen, {H.} and S{\o}ndergaard, J.},
year = {2002},
url = {http://www.omicron.dk/dace/dace.pdf},
note = {Visited 2019-05-06},
}
@article{Ross2008,
author = {Ross, A. and Rhodes, D. and Hastings, D. E.},
isbn = {1520-6858},
issn = {10981241},
journal = {Systems Engineering},
keywords = {Adaptability,Change taxonomy,Changeability,Flexibility,Value robustness},
number = {3},
pages = {246--262},
pmid = {89468723},
publisher = {Wiley-Blackwell},
title = {{Defining changeability: Reconciling flexibility, adaptability, scalability, modifiability, and robustness for maintaining system lifecycle value}},
volume = {11},
year = {2008}
}
@article{Thierry2012,
author = {Thierry, M. and Salomon, M. and {Van Nunen}, J. and {Van Wassenhove}, L.},
issn = {0008-1256},
journal = {California Management Review},
number = {2},
pages = {114--136},
title = {{Strategic issues in product recovery management}},
volume = {37},
year = {1995}
}
@article{American2017,
author = {{Remanufacturing Industries Council}},
title = {Specifications for the Process of Remanufacturing},
journal = {{ANSI/RIC001.1-2016}},
url = {https://webstore.ansi.org/Standards/ANSI/ANSIRIC0012016},
year = {2017}
}
@article{Barber2002,
author = {Barber, C. and Dobkin, D. and Huhdanpaa, H.},
issn = {00983500},
journal = {ACM Transactions on Mathematical Software},
keywords = {Delaunay triangulation,Voronoi diagram,convex hull,halfspace intersection},
number = {4},
pages = {469--483},
publisher = {ACM},
title = {{The quickhull algorithm for convex hulls}},
volume = {22},
year = {2002}
}
@article{Brown2019,
author = {Brown, N. and Mueller, C.},
issn = {14691760},
journal = {Artificial Intelligence for Engineering Design, Analysis and Manufacturing},
number = {1},
pages = {40--53},
title = {{Quantifying diversity in parametric design: A comparison of possible metrics}},
volume = {33},
year = {2019}
}
@article{Lieder2016,
author = {Lieder, M. and Rashid, A.},
journal = {Journal of Cleaner Production},
issn = {09596526},
pages = {36--51},
publisher = {Elsevier},
title = {Towards circular economy implementation: A comprehensive review in context of manufacturing industry},
volume = {115},
year = {2016}
}
@article{Ijomah2010,
author = {Ijomah, W. and McMahon, C. and Hammond, G. and Newman, S.},
issn = {00207543},
journal = {International Journal of Production Research},
keywords = {Design-for-remanufacturing (DFRem),Environmentally conscious manufacture,Remanufacture},
number = {18-19},
pages = {4513--4536},
title = {{Development of robust design-for-remanufacturing guidelines to further the aims of sustainable development}},
volume = {45},
year = {2007}
}
@article{Liu2017,
author = {Liu, J. and Ma, Y.},
issn = {1050-0472},
journal = {Journal of Mechanical Design},
keywords = {level set,remanufacturing,sustainability,topology optimization},
number = {1},
title = {{Sustainable design-oriented level set topology optimization}},
volume = {139},
year = {2016}
}
@article{Mahadevan,
author = {Mahadevan, B. and Pyke, D. and Fleischmann, M.},
issn = {03772217},
journal = {European Journal of Operational Research},
keywords = {Environment,Heuristics,Inventory,Remanufacturing,Reverse logistics},
number = {3},
pages = {536--551},
title = {{Periodic review, push inventory policies for remanufacturing}},
volume = {151},
year = {2003}
}
@article{Golinska2015,
author = {Golinska, P. and Kosacka, M. and Mierzwiak, R. and Werner-Lewandowska, K.},
issn = {09596526},
journal = {Journal of Cleaner Production},
keywords = {Decision making,Grey Decision Making (GDM),Operational excellence,Performance indicators,Remanufacturing process,Sustainability assessment},
pages = {28--40},
title = {{Grey decision making as a tool for the classification of the sustainability level of remanufacturing companies}},
volume = {105},
year = {2015}
}
@article{Song2005,
author = {Song, C. and Guan, X. and Zhao, Q. and Ho, Y.},
issn = {15455955},
journal = {IEEE Transactions on Automation Science and Engineering},
keywords = {Manufacturing planning,Remanufacturing systems,Rough set theory,Simulation-based optimization},
number = {3},
pages = {262--275},
title = {{Machine learning approach for determining feasible plans of a remanufacturing system}},
volume = {2},
year = {2005}
}
@inproceedings{Koren2018,
author = {Koren, Y. and Gu, X. and Badurdeen, F. and Jawahir, I.},
booktitle = {Procedia Manufacturing},
issn = {23519789},
keywords = {Reconfigurable Manufacturing Systems,Sustainable manufacturing,Value Creation},
pages = {26--36},
title = {{Sustainable living factories for next generation manufacturing}},
volume = {21},
year = {2018}
}
@article{Goodall2014,
author = {Goodall, P. and Rosamond, E. and Harding, J.},
issn = {09596526},
journal = {Journal of Cleaner Production},
keywords = {Decision making,Remanufacturing,Sustainability},
pages = {1--15},
title = {{A review of the state of the art in tools and techniques used to evaluate remanufacturing feasibility}},
volume = {81},
year = {2014}
}
@book{DeNeufville2011,
author = {{De Neufville}, R. and Scholtes, S.},
isbn = {9780262016230},
pages = {293},
publisher = {MIT Press},
title = {Flexibility in engineering design},
year = {2011}
}
@incollection{Lindahl2007,
address = {Dordrecht},
author = {Lindahl, M. and Sundin, E. and {\"{O}}stlin, J. and Bj{\"{o}}rkman, M.},
booktitle = {Innovation in Life Cycle Engineering and Sustainable Development},
pages = {123--138},
publisher = {Springer Netherlands},
title = {{Concepts and definitions for product recovery Analysis and clarification of the terminology used in academia and industry}},
year = {2007}
}
@article{Tang2016,
author = {Tang, Y. and Mak, K. and Zhao, Y.},
issn = {09596526},
journal = {Journal of Cleaner Production},
keywords = {Additive manufacturing,Binder-jetting,Design optimization,Environmental impact,LCA,Sustainability},
pages = {1560--1572},
title = {{A framework to reduce product environmental impact through design optimization for additive manufacturing}},
volume = {137},
year = {2016}
}
@inproceedings{Leino2016,
author = {Leino, M. and Pekkarinen, J. and Soukka, R.},
booktitle = {Physics Procedia},
issn = {18753892},
keywords = {Additive manufacturing,circular economy,direct energy deposition,powder bed fusion,refurbishment,remanufacturing,repair,sustainability},
pages = {752--760},
title = {{The role of laser additive manufacturing methods of metals in repair, refurbishment and remanufacturing - enabling circular economy}},
volume = {83},
year = {2016}
}
@article{Kellens2017,
author = {Kellens, K. and Baumers, M. and Gutowski, T. and Flanagan, W. and Lifset, R. and Duflou, J.},
issn = {15309290},
journal = {Journal of Industrial Ecology},
keywords = {3D printing,additive manufacturing,energy efficiency,industrial ecology,resource efficiency,sustainability},
number = {S1},
pages = {S49--S68},
publisher = {John Wiley {\&} Sons, Ltd},
title = {{Environmental dimensions of additive manufacturing: Mapping application domains and their environmental implications}},
volume = {21},
year = {2017}
}
@article{QuariguasiFrotaNeto2010,
author = {Neto, J. and Walther, G. and Bloemhof, J. and {Van Nunen}, J. and Spengler, T.},
issn = {00207543},
journal = {International Journal of Production Research},
number = {15},
pages = {4463--4481},
title = {{From closed-loop to sustainable supply chains: The WEEE case}},
volume = {48},
year = {2010}
}
@article{Matos2007,
author = {Matos, S. and Hall, J.},
issn = {02726963},
journal = {Journal of Operations Management},
number = {6},
pages = {1083--1102},
title = {{Integrating sustainable development in the supply chain: The case of life cycle assessment in oil and gas and agricultural biotechnology}},
volume = {25},
year = {2007}
}
@article{Loeppky2008,
author = {Loeppky, J. and Sacks, J. and Welch, W. and Welch, W.},
title = {{Choosing the sample size of a computer experiment: A practical guide}},
journal = {Technometrics},
volume = {51},
number = {4},
pages = {366--376},
year  = {2009},
publisher = {Taylor {\&} Francis},
doi = {10.1198/TECH.2009.08040},
}
@article{Sobieszczanski-Sobieski1982,
author = {Sobieszczanski-Sobieski, J. and Barthelemyy, J. and Riley, K.},
doi = {10.2514/3.51191},
issn = {0001-1452},
journal = {AIAA Journal},
number = {9},
pages = {1291--1299},
title = {{Sensitivity of optimum solutions to problem parameters}},
volume = {20},
year = {1982}
}
@article{Olewnik2004,
author = {Olewnik, A. and Brauen, T. and Ferguson, S. and Lewis, K.},
doi = {10.1115/1.1701874},
issn = {10500472},
journal = {Journal of Mechanical Design},
number = {3},
title = {{A framework for flexible systems and its implementation in multiattribute decision making}},
volume = {126},
year = {2004}
}
@article{Lewis2011,
author = {Lewis, P. K. and Murray, V. R. and Mattson, C. A.},
doi = {10.1007/s00158-010-0555-1},
issn = {1615147X},
journal = {Structural and Multidisciplinary Optimization},
number = {2},
pages = {191--204},
title = {{A design optimization strategy for creating devices that traverse the Pareto frontier over time}},
volume = {43},
year = {2011}
}
@article{Liu2008,
author = {Liu, H. and Chen, W. and Scott, M. J. and Qureshi, K.},
doi = {10.1080/03052150802378558},
issn = {0305215X},
journal = {Engineering Optimization},
number = {11},
pages = {1011--1029},
title = {{Determination of ranged sets of design specifications by incorporating design-space heterogeneity}},
volume = {40},
year = {2008}
}
@inproceedings{Yannou2003,
author = {Yannou, B. and Simpson, T. W. and Barton, R. R.},
booktitle = {Proceedings of the ASME International Design Engineering Technical Conferences and Computers and Information in Engineering Conference},
pages = {605--614},
title = {{Towards a conceptual design explorer using metamodeling approaches and constraint programming}},
series = {International Design Engineering Technical Conferences and Computers and Information in Engineering Conference},
volume = {2 PART A},
doi = {10.1115/detc2003/dac-48766},
year = {2003}
}
@inproceedings{Ferguson2008,
author = {Ferguson, S. and Lewis, K. and Siddiqi, A. and {De Weck}, O. L.},
booktitle = {Proceedings of the ASME International Design Engineering Technical Conferences and Computers and Information in Engineering Conference},
doi = {10.1115/DETC2007-35745},
isbn = {0791848027},
keywords = {DETC2007-35745},
pages = {249--263},
title = {{Flexible and reconfigurable systems: Nomenclature and review}},
volume = {6 PART A},
year = {2007}
}
@article{Kwak2013,
author = {Kwak, M. and Kim, H.},
doi = {10.1115/1.4023000},
issn = {10500472},
journal = {Journal of Mechanical Design},
number = {1},
publisher = {American Society of Mechanical Engineers Digital Collection},
title = {{Market positioning of remanufactured products with optimal planning for part upgrades}},
volume = {135},
year = {2013}
}
@article{Suh2007,
author = {Suh, E. S. and {De Weck}, O. L. and Chang, D.},
doi = {10.1007/s00163-007-0032-z},
issn = {09349839},
journal = {Research in Engineering Design},
number = {2},
pages = {67--89},
title = {{Flexible product platforms: Framework and case study}},
volume = {18},
year = {2007}
}
@article{Miller2018,
author = {Miller, S. W. and Yukish, M. A. and Simpson, T. W.},
doi = {10.1007/s00158-017-1756-7},
issn = {16151488},
journal = {Structural and Multidisciplinary Optimization},
number = {1},
pages = {305--324},
title = {{Design as a sequential decision process: A method for reducing design set space using models to bound objectives}},
volume = {57},
year = {2018}
}
@article{Ijomah2009,
author = {Ijomah, W. L.},
doi = {10.1080/19397030902953080},
issn = {19397038},
journal = {International Journal of Sustainable Engineering},
number = {2},
pages = {91--102},
publisher = {Taylor {\&} Francis},
title = {{Addressing decision making for remanufacturing operations and design-for-remanufacture}},
volume = {2},
year = {2009}
}
@article{Goldak1984,
author = {Goldak, J. and Chakravarti, A. and Bibby, M.},
doi = {10.1007/BF02667333},
issn = {03602141},
journal = {Metallurgical Transactions B},
number = {2},
pages = {299--305},
title = {{A new finite element model for welding heat sources}},
volume = {15},
year = {1984}
}
@article{Mukherjee2017,
author = {Mukherjee, T. and Zhang, W. and DebRoy, T.},
doi = {10.1016/j.commatsci.2016.10.003},
isbn = {09270256},
issn = {09270256},
journal = {Computational Materials Science},
pages = {360--372},
publisher = {Elsevier},
title = {{An improved prediction of residual stresses and distortion in additive manufacturing}},
volume = {126},
year = {2017}
}
@article{Manvatkar2011,
author = {Manvatkar, V. D. and Gokhale, A. A. and {Jagan Reddy}, G. and Venkataramana, A. and De, A.},
doi = {10.1007/s11661-011-0787-8},
issn = {10735623},
journal = {Metallurgical and Materials Transactions A: Physical Metallurgy and Materials Science},
number = {13},
pages = {4080--4087},
title = {{Estimation of melt pool dimensions, thermal cycle, and hardness distribution in the laser-engineered net shaping process of austenitic stainless steel}},
volume = {42},
year = {2011}
}
@article{Audet2006a,
author = {Audet, C. and Dennis, J. E.},
doi = {10.1137/040603371},
issn = {10526234},
journal = {SIAM Journal on Optimization},
number = {1},
pages = {188--217},
title = {{Mesh adaptive direct search algorithms for constrained optimization}},
volume = {17},
year = {2006}
}
@inproceedings{VanThao2015,
author = {Van-Thao, L. and Paris, H. and Mandil, G.},
booktitle = {Proceedings of the 22{\`{e}}me Congr{\`{e}}s Fran{\c{c}}ais de M{\'{e}}canique},
doi = {10.13140/RG.2.1.2442.3129},
pages = {1--8},
title = {{Using additive and subtractive manufacturing technologies in a new remanufacturing strategy to produce new parts from End-of-Life parts}},
year = {2015}
}
@article{Wilson2014,
author = {Wilson, J. M. and Piya, C. and Shin, Y. C. and Zhao, F. and Ramani, K.},
doi = {10.1016/j.jclepro.2014.05.084},
issn = {09596526},
journal = {Journal of Cleaner Production},
keywords = {Laser direct deposition,Life cycle analysis,Remanufacturing,Turbine blade repair},
pages = {170--178},
publisher = {Elsevier Ltd},
title = {{Remanufacturing of turbine blades by laser direct deposition with its energy and environmental impact analysis}},
volume = {80},
year = {2014}
}
@article{Xing2007,
author = {Xing, K. and Belusko, M. and Luong, L. and Abhary, K.},
doi = {10.1007/s00170-006-0698-9},
issn = {02683768},
journal = {International Journal of Advanced Manufacturing Technology},
keywords = {End-of-life,Evaluation model,Fuzzy set theory,Modularity,Remanufacture,Reusability,Upgradeability},
number = {1-2},
pages = {1--14},
publisher = {Springer},
title = {{An evaluation model of product upgradeability for remanufacture}},
volume = {35},
year = {2007}
}
@book{Blanchard1981,
address = {Englewood Cliffs N.J.},
author = {Blanchard, B. S. and Fabrycky, W. J.},
booktitle = {Prentice-Hall International Series in Industrial and Systems Engineering},
edition = {2nd},
isbn = {9780138808402},
publisher = {Prentice Hall International},
title = {{Systems engineering and analysis}},
year = {1981}
}
@book{ullman2009mechanical,
author = {Ullman, D.},
isbn = {9780072975741},
publisher = {McGraw-Hill Education},
series = {McGraw-Hill},
title = {{The mechanical design process}},
year = {2009}
}
@article{Cooper2008,
author = {Cooper, R. G.},
doi = {10.1111/j.1540-5885.2008.00296.x},
issn = {07376782},
journal = {Journal of Product Innovation Management},
number = {3},
pages = {213--232},
publisher = {John Wiley {\&} Sons, Ltd},
title = {{Perspective: The stage-gates{\textregistered} idea-to-launch process - Update, what's new, and NexGen systems}},
volume = {25},
year = {2008}
}
@article{Cansler2016,
author = {Cansler, E. Z. and White, S. B. and Ferguson, S. M. and Mattson, C. A.},
doi = {10.1115/1.4033884},
issn = {10500472},
journal = {Journal of Mechanical Design},
number = {8},
publisher = {American Society of Mechanical Engineers (ASME)},
title = {{Excess identification and mapping in engineered systems}},
volume = {138},
year = {2016}
}
@article{Cardin2017,
author = {Cardin, M. A. and Xie, Q. and Ng, T. S. and Wang, S. and Hu, J.},
doi = {10.1080/0740817X.2016.1189627},
issn = {24725862},
journal = {IISE Transactions},
number = {1},
pages = {1--12},
publisher = {Taylor {\&} Francis},
title = {{An approach for analyzing and managing flexibility in engineering systems design based on decision rules and multistage stochastic programming}},
volume = {49},
year = {2017}
}
@inproceedings{Long2017,
author = {Long, D. and Ferguson, S.},
booktitle = {Proceedings of the ASME International Design Engineering Technical Conferences and Computers and Information in Engineering Conference},
doi = {10.1115/DETC2017-68287},
isbn = {9780791858165},
publisher = {American Society of Mechanical Engineers (ASME)},
title = {{A case study of evolvability and excess on the B-52 stratofortress and F/A-18 hornet}},
volume = {4},
year = {2017}
}
@article{Cardin2016,
author = {Cardin, M. A. and Hu, J.},
doi = {10.1115/1.4031422},
issn = {10500472},
journal = {Journal of Mechanical Design},
number = {1},
publisher = {American Society of Mechanical Engineers (ASME)},
title = {{Analyzing the tradeoffs between economies of scale, time-value of money, and flexibility in design under uncertainty: study of centralized versus decentralized waste-to-energy systems}},
volume = {138},
year = {2016}
}
@article{Alhandawi2020,
author = {Alhandawi, K. and Andersson, P. and Panarotto, M. and Isaksson, O. and Kokkolaras, M.},
doi = {10.1115/1.4047908},
issn = {1050-0472},
volume = {143},
number = {2},
journal = {Journal of Mechanical Design},
title = {{Scalable set-based design optimization and remanufacturing for meeting changing requirements}},
year = {2020}
}
@inproceedings{Lawand2019,
author = {Lawand, L. and {Alhandawi}, K. and Panarotto, M. and Andersson, P. and Isaksson, O. and Kokkolaras, M.},
booktitle = {Proceedings of the International Conference on Engineering Design},
doi = {10.1017/dsi.2019.140},
issn = {22204342},
number = {1},
pages = {1343--1352},
publisher = {Cambridge University Press},
title = {{A lifecycle cost-driven system dynamics approach for considering additive re-manufacturing or repair in aero-engine component design}},
volume = {2019-August},
year = {2019}
}
@misc{Audet2019,
title={StoMADS: Stochastic blackbox optimization using probabilistic estimates},
author={Audet, C. and Dzahini, {K. J.} and Kokkolaras, M. and {Le Digabel}, S.},
year={2019},
eprint={1911.01012},
archivePrefix={arXiv},
primaryClass={math.OC},
url = {https://arxiv.org/abs/1911.01012},
}
@article{Audet2009,
author = {Audet, C. and Dennis, J. E.},
doi = {10.1137/070692662},
issn = {1052-6234},
journal = {SIAM Journal on Optimization},
number = {1},
pages = {445--472},
title = {{A progressive barrier for derivative-free nonlinear programming}},
volume = {20},
year = {2009}
}
@article{Pradlwarter2005,
author = {Pradlwarter, H. J. and Pellissetti, M. F. and Schenk, C. A. and Schu{\"{e}}ller, G. I. and Kreis, A. and Fransen, S. and Calvi, A. and Klein, M.},
doi = {10.1016/j.cma.2004.05.029},
issn = {00457825},
journal = {Computer Methods in Applied Mechanics and Engineering},
number = {12-16},
pages = {1597--1617},
title = {{Realistic and efficient reliability estimation for aerospace structures}},
volume = {194},
year = {2005}
}
@article{Frangopol2003a,
author = {Frangopol, D. M. and Maute, K.},
doi = {10.1016/S0045-7949(03)00020-8},
isbn = {0045-7949},
issn = {00457949},
journal = {Computers and Structures},
number = {7},
pages = {397--410},
title = {{Life-cycle reliability-based optimization of civil and aerospace structures}},
volume = {81},
year = {2003}
}
@article{ForouzandehShahraki2014,
author = {Shahraki, A. F. and Noorossana, R.},
doi = {10.1016/j.cie.2014.05.013},
isbn = {0360-8352},
issn = {03608352},
journal = {Computers {\&} Industrial Engineering},
pages = {199--207},
title = {{Reliability-based robust design optimization: A general methodology using genetic algorithm}},
volume = {74},
year = {2014}
}
@article{Kleiber2004,
author = {Kleiber, M. and Knabel, J. and Rojek, J.},
doi = {10.1002/nme.954},
issn = {00295981},
journal = {International Journal for Numerical Methods in Engineering},
number = {1},
pages = {51--67},
publisher = {John Wiley {\&} Sons, Ltd.},
title = {{Response surface method for probabilistic assessment of metal forming failures}},
volume = {60},
year = {2004}
}
@article{Magnusen1997,
author = {Magnusen, P. E. and Bucci, R. J. and Hinkle, A. J. and Brockenbrough, J. R. and Konish, H. J.},
doi = {10.1016/S0142-1123(97)00044-3},
isbn = {0142-1123},
issn = {01421123},
journal = {International Journal of Fatigue},
number = {93},
pages = {275--283},
title = {{Analysis and prediction of microstructural effects on long-term fatigue performance of an aluminum aerospace alloy}},
volume = {19},
year = {1997}
}
@article{Zhang2016,
author = {Zhang, M. and Gou, W. and Li, L. and Wang, X. and Yue, Z.},
doi = {10.1007/s00158-015-1373-2},
issn = {16151488},
journal = {Structural and Multidisciplinary Optimization},
number = {5},
pages = {1129--1141},
title = {{Multidisciplinary design and optimization of the twin-web turbine disk}},
volume = {53},
year = {2016}
}
@article{Zhu2013a,
author = {Zhu, {S.} and Huang, {H.} and Smith, R. and Ontiveros, V. and He, {L.} and Modarres, M.},
doi = {10.1016/j.probengmech.2013.08.004},
isbn = {0266-8920},
issn = {02668920},
journal = {Probabilistic Engineering Mechanics},
pages = {114--122},
title = {{Bayesian framework for probabilistic low cycle fatigue life prediction and uncertainty modeling of aircraft turbine disk alloys}},
volume = {34},
year = {2013}
}
@book{Bucher2009,
author = {Bucher, C.},
isbn = {9780415403542},
publisher = {CRC Press},
title = {{Computational analysis of ramdomness in structural mechanics}},
year = {2009}
}
@article{Thomsen2016,
author = {Thomsen, B. and Kokkolaras, M. and M{\aa}nsson, T. and Isaksson, O.},
doi = {10.1115/1.4034883},
issn = {1050-0472},
journal = {Journal of Mechanical Design},
number = {2},
publisher = {American Society of Mechanical Engineers},
title = {{Quantitative assessment of the impact of alternative manufacturing methods on aeroengine component lifing decisions}},
volume = {139},
year = {2016}
}
@article{Abramson2004,
author = {Abramson, M. A.},
doi = {10.1023/b:opte.0000033373.79886.54},
issn = {1389-4420},
journal = {Optimization and Engineering},
number = {2},
pages = {157--177},
title = {{Mixed variable optimization of a load-bearing thermal insulation system using a filter pattern search algorithm}},
volume = {5},
year = {2004}
}
@article{Abramson2008,
author = {Abramson, M. A. and Asaki, T. J. and Dennis, J. E. and O'Reilly, K. R. and Pingel, R. L.},
doi = {10.1137/08071380X},
issn = {19364954},
journal = {SIAM Journal on Imaging Sciences},
number = {3},
pages = {322--342},
title = {{Quantitative object reconstruction using abel transform X-ray tomography and mixed variable optimization}},
volume = {1},
year = {2008}
}
@article{Kirkpatrick1983,
author = {Kirkpatrick, S. and Gelatt, C. D. and Vecchi, M. P.},
doi = {10.1126/science.220.4598.671},
issn = {00368075},
journal = {Science},
number = {4598},
pages = {671--680},
pmid = {17813860},
title = {{Optimization by simulated annealing}},
volume = {220},
year = {1983}
}
@article{MacArthur2013a,
author = {{Ellen Macarthur Foundation}},
doi = {10.1162/108819806775545321},
isbn = {1530-9290},
issn = {10881980},
pmid = {27008952},
title = {Towards the circular economy: An economic and business rationale for an accelerated transition},
volume = {1},
year = {2013},
}
@article{MacArthur2013b,
author = {{Ellen Macarthur Foundation}},
doi = {10.1162/108819806775545321},
isbn = {0102603022},
issn = {10881980},
title = {Towards the circular economy: Opportunities for the consumer goods sector},
volume = {2},
year = {2013},
}
@inproceedings{Chen1996UsingDC,
author = {Chen, W. and Allen, J. and Simpson, T. and Mistree, F.},
booktitle = {Proceedings of the ASME Design Engineering Technical Conferences},
title = {{Using design capability indices to satisfy ranged sets of design requirements}},
year = {1996}
}
@inproceedings{Simpson1997,
author = {Simpson, T. W. and Allen, J. K. and Mistree, F. and Chen, W.},
booktitle = {Proceedings of the World Aviation Congress},
doi = {10.2514/6.1997-5513},
issn = {0148-7191},
publisher = {American Institute of Aeronautics and Astronautics Inc, AIAA},
title = {{Designing ranged sets of top-level design specifications for a family of aircraft: An application of design capability indices}},
year = {1997}
}
@article{Chen1999,
author = {Chen, W. and Simpson, T. W. and Allen, J. K. and Mistree, F.},
doi = {10.1080/03052159908941389},
issn = {0305215X},
journal = {Engineering Optimization},
number = {5},
pages = {615--619},
publisher = {Gordon {\&} Breach Science Publ Inc},
title = {{Satisfying ranged sets of design requirements using design capability indices as metrics}},
volume = {31},
year = {1999}
}
@book{Audet2017,
author = {Audet, C. and Hare, W.},
doi = {10.1007/978-3-319-68913-5},
isbn = {978-3-319-68912-8},
publisher = {Springer International Publishing},
title = {{Derivative-free and blackbox optimization}},
year = {2017},
}
@article{Fisher2004,
author = {Fisher, M. L.},
doi = {10.1287/mnsc.1040.0263},
issn = {00251909},
journal = {Management Science},
number = {12{\_}supplement},
pages = {1861--1874},
title = {{The lagrangian relaxation method for solving integer programming problems}},
volume = {50},
year = {2004}
}
@incollection{Du2010,
author = {Du, X. and Chen, W. and Wang, Y.},
booktitle = {Extreme statistics in nanoscale memory design},
doi = {10.1007/978-1-4419-6606-3_7},
pages = {179--202},
publisher = {Springer US},
title = {{Most probable point-based methods}},
year = {2010}
}
@article{Lehky2018,
author = {Lehk{\'{y}}, D. and Slowik, O. and Nov{\'{a}}k, D.},
doi = {10.1016/j.advengsoft.2017.06.013},
issn = {18735339},
journal = {Advances in Engineering Software},
month = {mar},
pages = {123--135},
publisher = {Elsevier Ltd},
title = {{Reliability-based design: Artificial neural networks and double-loop reliability-based optimization approaches}},
volume = {117},
year = {2018},
}
